Add bibliography
%url{https://medivague.com/bpf-coupled-line-theory/}

